<?xml version="1.0" encoding="utf-8"?>
<record xmlns="http://www.loc.gov/MARC21/slim" xmlns:xsi="http://www.w3.org/2001/XMLSchema-instance" xsi:schemaLocation="http://www.loc.gov/MARC21/slim http://www.loc.gov/standards/marcxml/schema/MARC21slim.xsd">
	<leader>     nam a22        4500</leader>
	<controlfield tag="001">b17515142</controlfield>
	<controlfield tag="003">LeBAU</controlfield>
	<controlfield tag="006">m        d        </controlfield>
	<controlfield tag="007">cr cn |||m|||a</controlfield>
	<controlfield tag="008">170119s1916    le af   o     ||0 0 ara d</controlfield>
	<datafield ind1=" " ind2=" " tag="040">
		<subfield code="a">NNU</subfield>
		<subfield code="b">ara</subfield>
		<subfield code="e">rda</subfield>
		<subfield code="c">NNU</subfield>
	</datafield>
	<datafield ind1="0" ind2=" " tag="041">
		<subfield code="a">ara</subfield>
		<subfield code="a">fre</subfield>
	</datafield>
	<datafield ind1=" " ind2="4" tag="050">
		<subfield code="a">DR592.E55</subfield>
		<subfield code="b">K87 1916</subfield>
	</datafield>
	<datafield ind1="0" ind2="4" tag="082">
		<subfield code="a">892.708</subfield>
		<subfield code="2">23</subfield>
	</datafield>
	<datafield ind1="1" ind2=" " tag="100">
		<subfield code="6">880-01</subfield>
		<subfield code="a">Kurd ʻAlī, Muḥammad,</subfield>
		<subfield code="d">1876-1953,</subfield>
		<subfield code="e">author.</subfield>
	</datafield>
	<datafield ind1="1" ind2="3" tag="245">
		<subfield code="6">880-02</subfield>
		<subfield code="a">al-Riḥlah al-anwarīyah ilā al-asqāʻ al-Ḥijāzīyah wa-al-Shāmīyah :</subfield>
		<subfield code="b">wa-hiya ṣafaḥāt ḍammat shaml mā tafarraqa min siyāḥat rajul al-ʻUthmānīyyīn wa-baṭal al-Islām wa-al-Muslimīn, ṣāḥib al-dawlah wa-al-ʻuṭūfah Anwar Bāshā wakīl al-qā’id al-a‘ẓam wa-nāẓir al-ḥarbīyah al-jalīlah ilá al-madīnah al-munawwarah wa-Sūrīyah wa-Filasṭīn wa-mā qīla min al-tanwīh bi-afḍālihi ‘an al-millah wa-al-dawlah /</subfield>
		<subfield code="c">taʼlīf Muḥammad Kurd ʻAlī ṣāḥib majallat wa-jarīdat al-Muqtabas wa-ra’īs taḥrīrihā.</subfield>
	</datafield>
	<datafield ind1=" " ind2="1" tag="264">
		<subfield code="6">880-03</subfield>
		<subfield code="a">Bayrūt :</subfield>
		<subfield code="b">al-Maṭbaʻah al-ʻIlmīyah li-Yūsuf Ṣādir,</subfield>
		<subfield code="c">1334 H. = 1916 M.</subfield>
	</datafield>
	<datafield ind1=" " ind2=" " tag="300">
		<subfield code="6">880-04</subfield>
		<subfield code="a">online resource (302 pages, 4 unnumbered pages of plates) :</subfield>
		<subfield code="b">illustrations</subfield>
	</datafield>
	<datafield ind1=" " ind2=" " tag="336">
		<subfield code="a">text</subfield>
		<subfield code="2">rdacontent</subfield>
	</datafield>
	<datafield ind1=" " ind2=" " tag="337">
		<subfield code="a">computer</subfield>
		<subfield code="2">rdamedia</subfield>
	</datafield>
	<datafield ind1=" " ind2=" " tag="338">
		<subfield code="a">online resource</subfield>
		<subfield code="2">rdacarrier</subfield>
	</datafield>
	<datafield ind1=" " ind2=" " tag="500">
		<subfield code="a">Part of the Arabic Collections Online (ACO) project, contributed by American University of Beirut's Jafet Memorial Library.</subfield>
	</datafield>
	<datafield ind1=" " ind2=" " tag="533">
		<subfield code="a">Electronic reproduction.</subfield>
		<subfield code="b">New York, N.Y. :</subfield>
		<subfield code="c">New York University,</subfield>
		<subfield code="d">2017.</subfield>
		<subfield code="5">NNU</subfield>
	</datafield>
	<datafield ind1="0" ind2="0" tag="600">
		<subfield code="6">880-05</subfield>
		<subfield code="a">Enver Pasha,</subfield>
		<subfield code="d">1881-1922</subfield>
		<subfield code="x">Travel</subfield>
		<subfield code="z">Saudi Arabia</subfield>
		<subfield code="z">Hejaz.</subfield>
	</datafield>
	<datafield ind1="0" ind2="0" tag="600">
		<subfield code="6">880-06</subfield>
		<subfield code="a">Enver Pasha,</subfield>
		<subfield code="d">1881-1922</subfield>
		<subfield code="x">Travel</subfield>
		<subfield code="z">Syria.</subfield>
	</datafield>
	<datafield ind1=" " ind2="0" tag="651">
		<subfield code="6">880-07</subfield>
		<subfield code="a">Saudi Arabia</subfield>
		<subfield code="z">Hejaz</subfield>
		<subfield code="x">History.</subfield>
	</datafield>
	<datafield ind1=" " ind2="0" tag="651">
		<subfield code="6">880-08</subfield>
		<subfield code="a">Syria</subfield>
		<subfield code="x">History.</subfield>
	</datafield>
	<datafield ind1=" " ind2="0" tag="651">
		<subfield code="6">880-09</subfield>
		<subfield code="a">Hejaz (Saudi Arabia)</subfield>
		<subfield code="x">In literature.</subfield>
	</datafield>
	<datafield ind1=" " ind2="0" tag="651">
		<subfield code="6">880-10</subfield>
		<subfield code="a">Syria</subfield>
		<subfield code="x">In literature..</subfield>
	</datafield>
	<datafield ind1="2" ind2=" " tag="710">
		<subfield code="a">Jafet Memorial Library.</subfield>
	</datafield>
	<datafield ind1="0" ind2=" " tag="730">
		<subfield code="a">Arabic Collections Online.</subfield>
	</datafield>
	<datafield ind1="0" ind2="8" tag="776">
		<subfield code="i">Print version:</subfield>
		<subfield code="a">Kurd ʻAlī, Muḥammad, 1876-1953, author.</subfield>
		<subfield code="t">al-Riḥlah al-anwarīyah ilā al-asqāʻ al-Ḥijāzīyah wa-al-Shāmīyah</subfield>
		<subfield code="w">(LeBAU)b17515142</subfield>
	</datafield>
	<datafield ind1="4" ind2="0" tag="856">
		<subfield code="u">http://hdl.handle.net/2333.1/8sf7m442</subfield>
	</datafield>
	<datafield ind1="1" ind2=" " tag="880">
		<subfield code="6">100-01</subfield>
		<subfield code="a">كرد علي، محمد،</subfield>
		<subfield code="d">1876-1953،</subfield>
		<subfield code="e">author.</subfield>
	</datafield>
	<datafield ind1="1" ind2="2" tag="880">
		<subfield code="6">245-02</subfield>
		<subfield code="a">الرحلة الأنورية إلى الأصقاع الحجازية و الشامية :</subfield>
		<subfield code="b">وهي صفحات ضمت شمل ما تفرق من سياحة رجل العثمانيين وبطل الإسلام و المسلمين صاحب الدولة و العطوفة أنور باشا وكيل القائد الأعظم وناظر الحربية الجليلة إلى المدينة المنورة وسورية وفلسطين وما قيل من التنويه بأفضاله عن الملة و الدولة /</subfield>
		<subfield code="c">تأليف محمد كرد علي صاحب مجلة وجريدة المقتبس ورئيس تحريرها.</subfield>
	</datafield>
	<datafield ind1=" " ind2="1" tag="880">
		<subfield code="6">264-03</subfield>
		<subfield code="a">بيروت :</subfield>
		<subfield code="b">المطبعة العلمية ليوسف صادر،</subfield>
		<subfield code="c">1334 هـ. = 1916 م.</subfield>
	</datafield>
	<datafield ind1=" " ind2=" " tag="880">
		<subfield code="6">300-04</subfield>
		<subfield code="a">302 صفحة، 4 صفحات لوحات غير مرقمة :</subfield>
		<subfield code="b">مصورات ؛</subfield>
		<subfield code="c">20 سم</subfield>
	</datafield>
	<datafield ind1=" " ind2=" " tag="880">
		<subfield code="6">546-00</subfield>
		<subfield code="a">بالعربية؛ مع نص بالفرنسية.</subfield>
	</datafield>
	<datafield ind1="0" ind2="4" tag="880">
		<subfield code="6">600-05</subfield>
		<subfield code="a">انور باشا،</subfield>
		<subfield code="d">1881-1922</subfield>
		<subfield code="x">رحلات</subfield>
		<subfield code="z">السعودية</subfield>
		<subfield code="z">الحجاز.</subfield>
	</datafield>
	<datafield ind1="0" ind2="4" tag="880">
		<subfield code="6">600-06</subfield>
		<subfield code="a">انور باشا،</subfield>
		<subfield code="d">1881-1922</subfield>
		<subfield code="x">رحلات</subfield>
		<subfield code="z">سوريا.</subfield>
	</datafield>
	<datafield ind1=" " ind2="4" tag="880">
		<subfield code="6">651-07</subfield>
		<subfield code="a">السعودية</subfield>
		<subfield code="z">الحجاز</subfield>
		<subfield code="x">تاريخ.</subfield>
	</datafield>
	<datafield ind1=" " ind2="4" tag="880">
		<subfield code="6">651-08</subfield>
		<subfield code="a">سوريا</subfield>
		<subfield code="x">تاريخ.</subfield>
	</datafield>
	<datafield ind1=" " ind2="4" tag="880">
		<subfield code="6">651-09</subfield>
		<subfield code="a">الحجاز (السعودية)</subfield>
		<subfield code="x">في الادب.</subfield>
	</datafield>
	<datafield ind1=" " ind2="4" tag="880">
		<subfield code="6">651-10</subfield>
		<subfield code="a">سوريا</subfield>
		<subfield code="x">في الأدب.</subfield>
	</datafield>
	<datafield ind1=" " ind2=" " tag="959">
		<subfield code="a">NNU</subfield>
		<subfield code="b">WEB</subfield>
		<subfield code="c">GENI</subfield>
		<subfield code="t">0</subfield>
		<subfield code="m">Electronic access</subfield>
		<subfield code="s">01</subfield>
	</datafield>
	<datafield ind1=" " ind2=" " tag="999">
		<subfield code="i">LeBAU_b17515142</subfield>
		<subfield code="s">aub_aco000126</subfield>
		<subfield code="e">(ERROR-880)</subfield>
		<subfield code="s">aub_aco000126</subfield>
	</datafield>
</record>
